1464 2421
663 463 827 482 Antoninus
1112 465 1155 488 191

329 532 413 556 Exinde
437 532 597 556 descendimus
614 532 637 556 in
653 533 845 562 Mesopotamiam
862 533 884 556 in
904 533 1023 557 ciuitatem
1041 533 1157 558 Chalcida.

329 571 415 595 Deinde
432 571 537 595 uenimus
554 571 577 594 in
592 570 681 598 carran.
696 571 735 595 ubi
753 573 821 595 natus
839 574 874 595 est
888 572 1011 599 Abraham,
1025 574 1048 595 et
1065 572 1156 596 descen-

328 609 408 633 dentes
426 616 467 633 nos
484 609 535 633 inde
553 609 659 633 uenimus
676 609 698 633 in
717 610 811 633 ciuitate
825 610 965 638 Barbarisso,
980 610 1019 634 ubi
1033 610 1156 640 requiescit

329 649 422 671 sanctus
445 648 557 676 Bacchus„
581 648 651 671 frater
673 649 746 671 saneti
770 648 851 679 Sergii.
884 648 972 672 Deinde
1001 649 1116 672 uenimus*
1133 649 1156 672 iu

306 694 316 707 ⁵
329 686 424 709 ciuitate
434 686 511 715 Suras,
522 693 563 716 per
576 693 621 716 qua
635 686 728 709 ciuitate
742 687 817 710 media
829 687 948 710 descendit
960 687 1045 710 fluuius
1056 687 1157 715 Eufrata,

330 725 369 754 qui
386 724 409 747 in
427 724 476 754 ipso
493 724 544 747 loco
562 731 603 754 per
619 726 687 754 ponte
704 725 822 749 transitur.
839 726 866 749 In
882 726 934 755 ipsa
949 726 1012 756 passi
1026 726 1080 749 sunt
1093 732 1157 748 sane-

328 764 368 785 tus
385 762 479 793 Sergius
500 764 523 786 et
543 764 636 786 sanctus
653 763 767 791 Bacchus.
785 764 809 787 et
829 763 857 787 ad
877 763 996 787 duodecim
1014 763 1078 787 milia
1094 763 1157 787 intus

329 800 352 824 in
373 800 464 824 heremo
484 801 544 824 inter
561 801 682 825 Saracenos
699 802 824 832 requiescit
841 803 934 825 sanctus
951 802 1045 832 Sergius
1062 802 1084 824 in
1102 801 1157 825 ciui-

329 840 377 862 tate
394 839 549 870 Tetrapyrgio.

357 907 366 927 1
382 907 512 927 &incendimus
527 907 547 927 G
597 908 717 933 mesopomin.
727 908 746 928 G
799 908 904 928 calcedona
915 908 935 928 G
948 908 1041 928 chalceds
1051 908 1071 928 R
1097 909 1109 928 2
1123 914 1155 927 ex-

329 939 376 959 inde
389 939 409 960 R
422 939 467 959 inde
477 940 509 959 Br
560 946 633 960 carram
645 940 664 960 G·
716 940 821 960 habraham
834 940 852 960 G
904 940 1041 960 discendentes
1053 940 1072 960 G
1099 940 1111 960 3
1121 946 1157 959 nos

329 972 376 991 inde
389 977 426 991 om.
439 972 460 992 B
498 972 599 992 ciuitatem
612 972 633 992 R
670 972 699 991 ibi
711 972 731 992 R
774 973 787 992 4
801 972 870 992 baccus
883 972 904 992 B
955 972 1024 991 exinde
1037 972 1057 992 R
1070 971 1116 991 inde
1126 972 1157 991 Br

330 1004 343 1023 ὁ
353 1004 421 1029 Sum]
428 1004 480 1023 foras
490 1004 511 1024 R
550 1010 607 1029 quam
618 1004 718 1024 ciuitatem
728 1004 812 1024 mediam
819 1004 838 1024 R
878 1004 975 1024 discendit
984 1004 1002 1023 G
1042 1003 1157 1023 eufratenR

330 1037 343 1055 6
356 1037 436 1061 pontem
448 1036 469 1056 R
530 1038 577 1056 sunt
589 1036 641 1062 passi
655 1036 675 1056 R
740 1037 751 1056 7
765 1036 836 1056 baccus
849 1036 868 1056 R
931 1038 950 1055 et
964 1036 1031 1055 decem
1045 1037 1065 1055 et
1079 1036 1123 1055 octo
1136 1035 1157 1055 Β

331 1067 343 1087 8
360 1068 381 1086 in
397 1067 497 1087 heremum
516 1067 534 1087 G
550 1068 570 1087 in
587 1067 664 1087 heremo
678 1070 725 1093 post
742 1074 843 1088 saracenos
860 1068 967 1088 collocandi
982 1068 1002 1087 R
1022 1068 1119 1087 saracinos
1138 1067 1157 1087 G·

331 1100 344 1119 9
357 1099 405 1119 titrn
418 1099 517 1125 pergimm
532 1099 571 1120 GR
584 1099 669 1125 Explicit
684 1100 703 1120 G
715 1100 800 1125 Explicit
814 1099 851 1119 deo
865 1100 970 1119 adiuuante
984 1105 1040 1119 nmen
1053 1099 1073 1119 R
