1464 2421
311 456 358 478 302
534 454 646 474 Itinera
666 453 936 479 Hierosolymitnnn

377 524 405 547 X.
422 524 457 547 De
474 523 568 547 Iordane
587 524 610 546 et
626 530 688 546 mare
707 523 814 547 Galileae.

364 562 405 586 XI.
422 562 457 585 De
473 563 555 585 natura
571 562 640 585 maris
657 562 750 585 mortui.

355 601 404 624 XIL
422 600 456 624 De
473 600 531 628 loco,
549 607 594 630 quo
611 600 724 623 Dominus
741 600 872 630 baptizatus
889 601 932 623 est.

343 639 405 662 XIII.
422 639 456 662 De
473 639 570 662 locustis
588 640 611 662 et
627 638 695 661 melle
713 638 816 662 siluestri
833 639 856 662 et
872 638 935 662 fonte
952 637 1069 662 Iohannis.

331 677 405 700 XIIII.
423 677 457 700 De
474 677 536 700 fonte
552 676 620 700 Iacob
638 677 700 700 iuxta
718 676 816 700 Sichem.

354 715 405 739 XV.
422 715 457 738 De
474 715 593 738 Tiberiade
611 716 634 738 et
651 714 808 745 Capharnaum
826 715 850 738 et
865 714 979 738 Nazareth
997 715 1021 738 et
1037 714 1066 737 de
1082 714 1139 738 locis

422 753 507 776 ibidem
525 753 618 777 sanctis.

342 792 403 815 XVI.
420 792 455 815 De
471 793 548 815 monte
565 791 662 815 Thabor.

333 830 404 854 XVII.
422 830 455 854 De
473 830 521 862 situ
538 830 653 855 Damasci.

323 869 405 892 XVIII.
423 869 457 892 Do
474 868 521 892 situ
538 868 686 892 Alexandriae
703 869 726 891 et
742 868 803 891 Nilo.

309 907 405 930 XVIIII.
422 907 456 930 De
478 906 675 936 Constantinopoli
699 907 723 929 et
745 906 840 929 basilica
863 906 886 929 in
910 913 943 934 ea,
964 913 1023 936 quse
1047 912 1140 929 crucem

422 945 514 968 Domini
531 945 639 968 continet.

559 1013 575 1032 1.
590 1013 625 1033 DE
640 1013 699 1033 SITV
713 1013 886 1034 HIERVSALEM.

342 1058 405 1082 Situs
425 1058 489 1081 urbis
508 1058 652 1081 Hierusalem
677 1065 748 1088 paene
771 1058 793 1081 in
817 1058 895 1081 orbem
918 1057 1071 1081 circumactus
1094 1064 1140 1081 non

309 1104 379 1127 paruo
403 1103 520 1119 murorum
544 1096 633 1119 ambitu
656 1096 768 1126 adsurgit,
792 1103 837 1126 quo
861 1096 931 1119 etiam
957 1096 1060 1119 montem
1083 1095 1139 1119 Sion

310 1135 423 1164 quondam
443 1135 547 1158 uicinum
567 1135 627 1158 intra
643 1142 668 1157 se
685 1135 774 1164 recipit,
791 1135 831 1164 qui
848 1142 861 1157 a
877 1134 972 1158 meridie
988 1134 1080 1164 positus
1097 1141 1138 1164 pro

309 1180 359 1196 arce
379 1173 430 1196 urbi
451 1173 611 1202 supereminet.
638 1173 669 1196 Et
684 1173 756 1196 maior
772 1179 824 1203 pars
842 1173 943 1196 ciuitatis
960 1172 1020 1196 infra
1036 1174 1138 1196 montem

309 1211 369 1234 iacet
384 1212 407 1234 in
424 1211 517 1241 planitie
535 1211 664 1235 humilioris
682 1211 748 1234 collis
765 1211 816 1234 sita.
834 1211 892 1234 Post
908 1211 1038 1241 passionem
1052 1210 1138 1241 quippe

309 1250 401 1273 Domini
424 1257 437 1273 a
457 1250 508 1273 Tito
532 1250 668 1279 imperatore
693 1250 816 1277 destructa,
834 1249 874 1272 sed
898 1250 925 1272 ab
949 1249 1017 1272 Helio
1038 1249 1137 1272 Adriano

310 1288 413 1316 Caesare,
428 1295 441 1310 a
458 1295 502 1318 quo
521 1288 589 1311 etiam
607 1295 666 1311 nunc
680 1288 748 1311 Helia
762 1289 864 1314 uocatur.
878 1288 1004 1311 instaurata
1018 1287 1137 1317 multoque

309 1327 406 1355 amplior
420 1326 500 1350 effecta
514 1328 556 1349 est.
571 1326 636 1349 Unde
651 1328 693 1353 est,
708 1326 778 1356 quod,
792 1333 844 1349 cum
858 1326 970 1349 Dominus
986 1327 1048 1349 extra
1060 1327 1137 1355 portas

307 1365 370 1388 urbis
393 1372 475 1394 passus
500 1365 651 1394 sepultusque
671 1365 709 1391 sit,
729 1365 796 1388 modo
817 1365 868 1388 loca
887 1364 999 1394 passionis
1021 1366 1044 1387 et
1063 1371 1137 1387 resur-

308 1403 414 1426 rectionis
428 1403 491 1426 illius
506 1403 564 1426 intra
578 1403 681 1426 eiusdem
691 1403 780 1426 moenia
791 1404 919 1427 cernuntur.
937 1402 1008 1426 Cuius
1020 1402 1042 1425 in
1054 1409 1135 1432 magno

374 1509 396 1528 13
407 1508 489 1528 Eueher.
500 1515 519 1533 p.
531 1509 573 1532 125,
589 1509 611 1528 11
648 1509 671 1528 19
681 1508 764 1528 Eucher.
776 1515 794 1533 p.
807 1509 850 1531 125,
861 1509 872 1528 7
909 1508 934 1528 23
944 1508 1026 1528 Adamu,
1037 1515 1056 1534 p.
1067 1509 1112 1531 224,
1123 1509 1134 1529 6

333 1572 344 1591 3
358 1572 378 1590 in
389 1571 441 1596 quod
450 1571 477 1590 M
511 1572 524 1590 4
538 1572 619 1590 lucustis
629 1572 655 1591 Μ
693 1571 733 1590 mel
743 1572 789 1590 ΔΜ
826 1571 850 1590 de
861 1571 915 1590 fonte
926 1571 967 1590 ΡΥ
1001 1572 1013 1591 5
1027 1571 1105 1596 sychem
1119 1571 1136 1590 V

307 1603 318 1622 6
330 1602 457 1627 tyberiadeA
466 1603 563 1627 tyberiate
575 1603 592 1622 V
629 1605 708 1622 nazaret
716 1603 735 1622 Δ
775 1603 798 1622 de
810 1605 856 1622 unte
866 1603 914 1622 locis
925 1609 961 1622 om.
969 1602 1012 1622 AV
1040 1603 1051 1622 7
1063 1603 1135 1622 ibidem

307 1641 344 1655 om.
355 1636 373 1653 A
413 1635 486 1654 sanctis
500 1641 537 1654 om.
548 1635 566 1654 V
591 1635 603 1654 8
617 1635 674 1654 tabor
681 1635 723 1654 PV
749 1635 772 1654 10
783 1635 828 1660 nylo
840 1635 858 1654 V
883 1635 906 1654 11
922 1635 1109 1660 constantinopolim
1121 1634 1136 1653 V

309 1667 332 1685 12
352 1667 421 1691 Explic
434 1667 526 1691 capitula.
545 1667 617 1692 Incipit
634 1668 675 1692 ipso
689 1667 767 1686 libellus
782 1667 806 1686 dc
820 1667 867 1686 locis
880 1662 912 1686 sc]
925 1667 1009 1686 feliciter
1021 1667 1049 1686 M
1067 1667 1134 1691 Expli-

307 1699 362 1717 ciunt
375 1694 433 1723 capit.
453 1699 526 1723 Incipit
539 1698 589 1717 liber
603 1698 626 1718 de
640 1699 688 1718 locis
702 1699 775 1718 snnctis
789 1699 830 1718 PV
842 1699 954 1724 Expliciunt
967 1701 1009 1723 cup.
1028 1698 1080 1718 Item
1093 1699 1134 1723 ipse

307 1730 357 1749 liber
369 1731 389 1749 A
430 1731 453 1750 13
467 1730 542 1749 Hier-lm
557 1730 583 1749 M
594 1731 651 1749 ier-lm
665 1731 684 1749 Δ
698 1730 801 1749 ierusalem
815 1731 855 1749 PV
896 1731 919 1750 14
931 1731 954 1750 in
967 1730 1057 1755 murffl'ne
1069 1730 1135 1749 rubris

307 1763 385 1781 litteris:
401 1762 497 1781 Eucherio
511 1763 530 1781 Δ
597 1763 619 1781 15
638 1769 712 1781 morum
726 1763 745 1781 A
810 1763 831 1781 in
844 1764 930 1781 montem
944 1762 971 1781 M
1034 1768 1082 1788 syon
1095 1762 1136 1781 PV

308 1795 331 1813 16
345 1794 419 1819 recepit
432 1794 459 1813 M
510 1795 533 1813 17
553 1795 604 1819 arce]
624 1796 678 1819 parte
692 1794 712 1813 P
762 1794 816 1813 urbis
829 1794 876 1814 AM
926 1794 986 1817 urbis.
1000 1794 1027 1814 Et
1039 1794 1102 1814 maior
1119 1794 1136 1813 V

306 1826 329 1845 in
341 1826 431 1851 maryine
444 1826 517 1845 eucher
532 1826 558 1845 M
610 1827 633 1845 18
652 1826 737 1851 planicie
750 1826 797 1845 AM
809 1826 891 1852 planitie
905 1826 925 1846 P
989 1826 1046 1845 collis
1059 1832 1096 1846 om.
1110 1825 1135 1846 u

307 1858 386 1883 qnippe]
401 1858 468 1882 itaque
482 1858 523 1877 PV
561 1858 585 1878 20
600 1864 677 1877 caesare
691 1864 727 1877 om.
742 1858 767 1877 M
806 1858 830 1877 23
845 1860 949 1877 cernuntur
962 1858 982 1877 Δ.

1159 684 1168 699 δ

1154 876 1172 890 1⁰

1152 1102 1171 1117 15
