1464 2421
377 457 423 479 276
588 455 700 475 Itinera
721 455 988 480 Hierosolymitana

375 526 457 549 Petrus
478 525 610 556 Burgunnio
635 525 765 548 christicola
788 525 811 548 in
836 525 883 548 illis
907 525 973 548 terris
997 525 1132 548 semitarum
1155 525 1205 549 eius

376 564 458 587 ductor
477 571 521 587 non
540 564 617 593 ipsum
639 564 727 586 sinebat
747 564 769 586 in
790 570 836 587 uno
856 563 982 593 eodemque
998 563 1100 594 hospitio
1117 564 1205 587 diutius

375 603 482 626 inmorari
502 602 655 625 festinationis
676 602 770 626 intuitu.
801 601 845 625 Sed
865 602 924 625 inter
946 602 1002 625 haec
1022 603 1046 625 et
1068 602 1112 625 hoc
1136 602 1204 625 etiam

375 641 507 668 notandum,
528 640 588 669 quod
609 640 671 663 illius
692 640 774 663 famosi
794 640 880 663 montis
904 647 984 663 nomen
1009 640 1098 671 graecis
1120 640 1205 664 litteris

375 680 409 702 sic
430 680 533 709 oporteat
553 679 622 702 scribi
642 685 682 709 per
698 678 715 700 θ
732 680 755 701 et
772 686 789 700 ω
807 679 900 708 longum
918 677 1025 705 ΘΑΒΩΡ,
1046 678 1124 702 latinis
1149 686 1205 703 uero
1226 687 1235 701 ⁵

374 717 482 740 litterulis
502 724 555 740 cum
575 717 728 747 adspiratione
745 717 836 740 Thabor
855 717 966 747 producta
986 724 999 740 ο
1016 717 1100 740 littera.
1127 717 1203 740 Huius

375 755 536 785 orthographia
553 755 660 778 uocabuli
678 755 700 778 in
717 754 782 778 libris
800 754 937 778 Graecitatis
954 755 990 778 est
1006 757 1103 784 reperta.

645 823 735 842 xxvm.
749 823 785 842 DE
799 823 930 843 DAMASCO.

407 862 533 885 Damascus
554 862 636 885 ciuitas
653 862 737 892 regalis
754 869 844 892 magna.
862 864 888 885 ut
905 862 1012 885 Arculsus
1029 862 1106 890 refert,
1123 863 1164 892 qui
1180 863 1202 886 in

372 900 413 923 illa
427 907 467 930 per
480 900 567 929 aliquot
580 900 710 929 hospitatus
725 901 761 923 est
774 899 831 928 dies,
842 900 865 923 in
879 907 959 929 campo
973 900 1051 930 posita
1059 900 1115 928 lato,
1126 901 1203 931 amplo
1218 908 1234 922 w

374 946 489 962 murorum
501 938 588 961 ambitu
602 938 771 965 circumcincta,
782 938 876 968 insuper
886 938 955 962 etiam
969 940 992 962 et
1006 939 1091 962 crebris
1101 939 1203 963 turribus

374 977 522 1004 communita,
529 977 627 1006 plurima
634 978 696 999 extra
707 983 784 999 muros
794 976 881 1000 habens
891 977 913 1000 in
925 977 1022 1000 circuitu
1033 977 1203 1007 oliueta,quam

373 1017 397 1038 et
410 1022 491 1045 magna
503 1015 548 1038 1111
561 1015 655 1038 flumina
668 1015 820 1038 interfluentia
834 1015 960 1045 gaudenter
972 1015 1104 1039 laetificant.
1118 1016 1145 1039 In
1159 1023 1204 1045 qua

374 1053 537 1076 Saracenorum
557 1060 594 1076 rex
615 1053 711 1082 adeptus
731 1053 780 1076 eius
800 1053 952 1083 principatum
972 1054 1059 1084 regnat,
1077 1055 1101 1077 et
1116 1054 1203 1077 ibidem

373 1092 396 1115 in
413 1092 521 1115 honorem
542 1092 615 1114 sancti
632 1091 738 1115 Iohannis
755 1091 869 1121 baptistae
886 1092 977 1122 grandis
994 1092 1091 1115 fundata
1106 1093 1204 1116 ecclesia
1218 1099 1235 1113 ιε·

373 1131 416 1153 est.
447 1129 563 1158 Quaedam
584 1130 653 1153 etiam
675 1129 838 1153 Saracenorum
863 1130 960 1153 eeclesia
982 1130 1153 1154 incredulorum
1180 1133 1204 1154 et

373 1169 424 1198 ipsa
443 1168 466 1191 in
487 1168 565 1191 eadem
586 1168 687 1195 ciuitate,
706 1175 773 1197 quam
794 1169 839 1198 ipsi
859 1169 1011 1198 frequentant,
1031 1169 1142 1192 fabricata
1159 1171 1202 1192 est.

668 1236 768 1255 XXVIIII.
783 1237 817 1256 DE
832 1236 907 1256 TYRO.

405 1276 556 1299 Plurimarum
587 1277 719 1306 peragrator
748 1276 867 1305 regionum
893 1278 971 1299 noster
995 1276 1105 1300 Arculfus
1132 1277 1201 1300 etiam

373 1315 457 1344 Tyrum
475 1315 578 1337 Foenicis
596 1314 726 1344 prouinciae
744 1314 888 1344 metropolim
905 1315 1000 1341 introiit,
1018 1321 1077 1344 quae
1095 1314 1200 1338 hebraico
1215 1323 1232 1336 εει

424 1383 449 1402 20
462 1383 542 1402 Hieron.
557 1382 576 1401 in
590 1382 658 1402 Ezech.
673 1389 688 1402 c.
699 1383 723 1402 26
738 1383 770 1406 (cs.
785 1383 804 1402 in
819 1383 878 1402 Amos
893 1389 908 1402 c.
921 1384 937 1403 l.
952 1383 972 1402 in
983 1383 1060 1402 Abacuc
1071 1389 1088 1402 c.
1100 1384 1117 1405 1.
1132 1383 1200 1403 Ouom.

373 1421 391 1439 p.
406 1415 437 1437 30,
451 1415 482 1434 20.
497 1415 528 1435 63.
542 1415 573 1434 27.
588 1415 619 1436 71,
633 1415 666 1438 27)

400 1454 408 1472 1
423 1453 519 1478 burganio
534 1453 551 1472 Ζ
564 1453 665 1477 burgunio,
680 1458 729 1472 corr.
744 1454 763 1473 2.
777 1459 801 1471 m.
816 1455 838 1472 in
851 1453 962 1478 burgundio
976 1453 1007 1472 Br
1073 1453 1170 1473 eristicola
1182 1454 1201 1473 Z

372 1495 392 1514 in
406 1501 443 1514 om.
461 1495 479 1514 1⁷
537 1494 589 1513 illius
604 1494 635 1513 Rr
687 1495 698 1513 2
713 1482 780 1517 ᾶςῖοὲοι-
794 1501 843 1514 corr.
859 1496 874 1515 1.
889 1501 913 1513 m.
925 1495 944 1514 Z
979 1495 990 1514 3
1005 1494 1044 1514 Sed
1058 1495 1110 1514 inter
1122 1501 1159 1515 om.
1170 1495 1201 1515 Βι-

372 1528 384 1545 4
399 1527 470 1546 montis
485 1526 554 1545 famosi
572 1526 591 1545 Y
641 1533 745 1551 gregorum
763 1526 782 1545 Y
824 1528 835 1545 5
850 1533 884 1551 per
898 1533 908 1546 e
922 1526 941 1545 Z
953 1533 988 1552 per
1000 1528 1010 1546 t
1023 1527 1055 1546 Br
1106 1526 1199 1552 OABQP]

373 1565 396 1577 ca
409 1558 456 1577 sinis
470 1558 543 1577 litteris
557 1558 576 1577 Z
588 1558 675 1577 NABszp
689 1558 720 1577 Br
758 1559 770 1577 6
784 1564 806 1577 or
819 1558 850 1577 Br
893 1559 903 1577 'A'
919 1558 1025 1583 ortografin
1042 1558 1060 1578 Υ
1073 1559 1200 1584 ortographia

371 1600 390 1619 Z
404 1600 507 1624 ortagrnfio
522 1605 570 1618 corr.
586 1601 605 1618 2.
620 1606 644 1618 m.
659 1600 681 1618 in
695 1600 798 1624 ortogrnfio
813 1600 843 1619 Βι-
902 1588 1002 1624 ἕηὶίῒεήίε
1016 1600 1035 1619 Ζ
1079 1600 1091 1619 8
1104 1600 1168 1620 XXVI
1181 1601 1200 1621 Ζ

373 1632 443 1650 titulus
457 1632 508 1650 deest
521 1632 543 1650 in
557 1631 575 1650 Z
592 1631 674 1650 XXVIII
692 1631 721 1650 De
739 1631 835 1650 damasco.
850 1632 944 1651 xxvnu
961 1632 987 1651 Et
1004 1632 1028 1651 de
1044 1633 1094 1657 tyro,
1109 1632 1161 1651 XXX
1175 1633 1200 1651 Et

372 1663 395 1682 de
410 1663 520 1682 alexandrin
533 1663 563 1681 Br
602 1664 613 1681 9
628 1663 679 1682 deese
694 1663 761 1682 littera
773 1663 860 1682 initialis
873 1664 896 1682 in
906 1664 925 1683 Z
977 1664 1011 1689 qui
1023 1664 1084 1683 refert
1097 1664 1128 1683 Br
1180 1665 1200 1683 in

372 1695 407 1714 illa.
420 1701 455 1714 om.
467 1695 497 1713 Br
531 1695 553 1714 10
569 1694 646 1719 aliquod
658 1695 688 1714 Ην
727 1695 768 1714 <lies
783 1697 830 1714 ante
843 1695 898 1720 hosp.
916 1695 936 1714 Υ
968 1696 991 1715 14
1005 1696 1137 1715 saracinorum
1151 1696 1202 1715 rBr

372 1727 455 1751 adeptus
469 1732 518 1745 corr⁴
528 1732 551 1745 ea·
566 1726 677 1751 adalpertus
688 1727 707 1746 Z
747 1728 770 1746 15
784 1727 803 1746 in
815 1727 888 1747 honore
898 1727 929 1746 Br
968 1727 1054 1752 baptiste
1065 1730 1113 1753 tegu
1128 1728 1200 1751 (lorum

372 1760 391 1777 2.
406 1760 437 1781 m)
453 1758 482 1777 Βι-
535 1759 617 1777 aeclesia
627 1759 646 1777 Z
656 1759 686 1777 est
700 1759 783 1777 ecclesia
797 1759 816 1778 Y
854 1759 877 1778 16
892 1760 912 1778 et
924 1759 1007 1784 quedam
1017 1759 1048 1778 Br
1100 1760 1199 1779 saracino-

372 1797 412 1809 rnin
435 1790 483 1809 YBr
560 1790 660 1809 ecclesiam
678 1791 708 1809 Bu·
775 1791 797 1810 17
815 1794 861 1816 post
880 1791 975 1811 fabricatu
995 1793 1026 1810 est
1043 1797 1119 1811 rasura
1139 1793 1162 1811 in
1181 1793 1202 1812 Z

373 1822 395 1841 18
410 1821 482 1840 xxvu
493 1822 512 1840 Z
522 1822 591 1841 titulus
602 1822 653 1841 deest
664 1822 685 1841 ίιι
693 1822 723 1841 Br
762 1823 786 1842 20
800 1823 877 1847 thyrum
892 1823 911 1842 Υ
919 1823 978 1842 tirum
989 1823 1020 1842 Βι-
1065 1823 1137 1843 fenicis
1151 1824 1201 1844 rBr

371 1854 441 1873 hebreo
460 1853 479 1872 Y
492 1853 567 1872 ebreico
581 1853 612 1872 131·
